@article{johnson2003,
author = {Colin G. Johnson},
title = {Exploring sound-space with interactive genetic algorithms},
month = {January},
year = {2003},
pages = {51--54},
keywords = {sound synthesis, evolutionary computation},
note = {},
doi = {},
url = {http://www.cs.kent.ac.uk/pubs/2003/1705},
    publication_type = {article},
    submission_id = {19988_1063818382},
    ISSN = {0024-094X},
    journal = {Leonardo},
    volume = {36},
    number = {1},
    publisher = {MIT Press},
}
