%% This BibTeX bibliography file was created using BibDesk.
%% http://bibdesk.sourceforge.net/


%% Created for Stephan Gabler at 2010-05-21 15:15:15 +0200 


%% Saved with string encoding Unicode (UTF-8) 



@webpage{git_sound,
	Author = {sound evolution crew},
	Date-Added = {2010-05-21 14:17:37 +0200},
	Date-Modified = {2010-05-21 14:19:57 +0200},
	Lastchecked = {21.05.2010},
	Title = {Sound Evolution},
	Url = {http://github.com/buzz/sound-evolution}}

@comment{BibDesk Static Groups{
<?xml version="1.0" encoding="UTF-8"?>
<!DOCTYPE plist PUBLIC "-//Apple//DTD PLIST 1.0//EN" "http://www.apple.com/DTDs/PropertyList-1.0.dtd">
<plist version="1.0">
<array>
	<dict>
		<key>group name</key>
		<string>sound_evolution</string>
		<key>keys</key>
		<string>git_sound</string>
	</dict>
</array>
</plist>
}}
